<collection xmlns="http://www.loc.gov/MARC21/slim">
<record>
  <leader>01203nam0a22002651i 450 </leader>
  <controlfield tag="001">IT\ICCU\CNCE\057254</controlfield>
  <controlfield tag="005">20071215000000.0</controlfield>
  <datafield tag="100" ind1=" " ind2=" ">
    <subfield code="a">20040407f1544        0itac0103    ba</subfield>
  </datafield>
  <datafield tag="101" ind1=" " ind2=" ">
    <subfield code="a">LAT</subfield>
  </datafield>
  <datafield tag="102" ind1=" " ind2=" ">
    <subfield code="a">IT</subfield>
  </datafield>
  <datafield tag="200" ind1="1" ind2=" ">
    <subfield code="a">Oratio in aduentu Petri Lippomani episcopi Veronensis dignissimi a Lud. Nogarola com. habita</subfield>
  </datafield>
  <datafield tag="210" ind1=" " ind2=" ">
    <subfield code="a">Veronae</subfield>
    <subfield code="c">apud Antonium Putelletum</subfield>
    <subfield code="d">\1544!</subfield>
  </datafield>
  <datafield tag="215" ind1=" " ind2=" ">
    <subfield code="a">\8! c.</subfield>
    <subfield code="d">4ʻ</subfield>
  </datafield>
  <datafield tag="300" ind1=" " ind2=" ">
    <subfield code="a">Per la data cfr.: L. Carpan ̈- M. Menato, Annali della tipografia veronese nel Cinquecento, n.50</subfield>
  </datafield>
  <datafield tag="620" ind1=" " ind2=" ">
    <subfield code="a">IT</subfield>
    <subfield code="d">Verona</subfield>
  </datafield>
  <datafield tag="700" ind1=" " ind2="1">
    <subfield code="a">Nogarola,</subfield>
    <subfield code="b">Lodovico</subfield>
    <subfield code="3">IT\ICCU\CNCA\008829</subfield>
  </datafield>
  <datafield tag="712" ind1="0" ind2="0">
    <subfield code="a">Putelletto, Antonio</subfield>
    <subfield code="3">IT\ICCU\CNCT\000732</subfield>
    <subfield code="4">650</subfield>
  </datafield>
  <datafield tag="791" ind1="0" ind2="0">
    <subfield code="a">Portese, Antonio</subfield>
    <subfield code="3">IT\ICCU\CNCT\002008</subfield>
    <subfield code="z">Putelletto, Antonio</subfield>
  </datafield>
  <datafield tag="791" ind1="0" ind2="0">
    <subfield code="a">Puteolo, Antonio</subfield>
    <subfield code="3">IT\ICCU\CNCT\002737</subfield>
    <subfield code="z">Putelletto, Antonio</subfield>
  </datafield>
  <datafield tag="791" ind1="0" ind2="0">
    <subfield code="a">Putelleto, Antonio</subfield>
    <subfield code="3">IT\ICCU\CNCT\005530</subfield>
    <subfield code="z">Putelletto, Antonio</subfield>
  </datafield>
  <datafield tag="791" ind1="0" ind2="0">
    <subfield code="a">Portesius, Antonius</subfield>
    <subfield code="3">IT\ICCU\CNCT\005532</subfield>
    <subfield code="z">Putelletto, Antonio</subfield>
  </datafield>
  <datafield tag="791" ind1="0" ind2="0">
    <subfield code="a">Puteolus, Antonius</subfield>
    <subfield code="3">IT\ICCU\CNCT\005534</subfield>
    <subfield code="z">Putelletto, Antonio</subfield>
  </datafield>
  <datafield tag="791" ind1="0" ind2="0">
    <subfield code="a">Putelletus, Antonius</subfield>
    <subfield code="3">IT\ICCU\CNCT\005537</subfield>
    <subfield code="z">Putelletto, Antonio</subfield>
  </datafield>
  <datafield tag="801" ind1=" " ind2="3">
    <subfield code="a">IT</subfield>
    <subfield code="b">ICCU</subfield>
    <subfield code="c">20201115</subfield>
  </datafield>
  <datafield tag="899" ind1=" " ind2=" ">
    <subfield code="a">Biblioteca del Seminario vescovile. Verona</subfield>
    <subfield code="1">VR0061</subfield>
    <subfield code="2">PBE 83</subfield>
  </datafield>
</record>
</collection>
